non-scholarly
@misc{website:privint,
  author = "\relax Privacy International",
  title = "Mass Surveillance",
  month = "November",
  year = "2015",
  note = "https://www.privacyinternational.org/node/52"
},
scholarly
@misc{rogaway,
  author = "Phillip Rogaway",
  title = "Statement of Condemnation of U.S. Mass-Surveillance Programs, and a 
    Reminder of Our Ethical Responsibilities as Computer Scientists",
  month = "August",
  year = "2013",
  note = "web.cs.ucdavis.edu/~rogaway/politics/surveillance.pdf"
},
scholarly, unused
@incollection{chandler,
  author = "Jennifer Chandler",
  title = "Privacy Versus National Security: Clarifying the Trade-off",
  booktitle = "Lessons from the Identity Trail",
  publisher = "Oxford University Press, Inc.",
  editor = "Kerr, Ian and Steeves, Valerie  and Lucock, Carole",
  year = "2009"
},
scholarly
@article{richards,
  author = "Neil M. Richards",
  title = "The Dangers of Surveillance",
  journal = "Harvard Law Review",
  year = "2013"
},
scholarly
@misc{ethics,
  author = "\relax Association for Computing Machinery",
  title = "ACM Code of Ethics and Professional Conduct",
  year = "1992",
  month = "October",
  note = "www.acm.org/about/code-of-ethics"
}
